<record><leader>00000cas a2200000 a 4500</leader><controlfield tag="001">35302508</controlfield><controlfield tag="008">960826d191319uucauwr ne      0    0eng c</controlfield><datafield ind1=" " ind2=" " tag="010"><subfield code="a">sn 96061890 </subfield></datafield><datafield ind1=" " ind2=" " tag="040"><subfield code="a">CNK</subfield><subfield code="b">eng</subfield><subfield code="c">CNK</subfield><subfield code="d">OCLCQ</subfield><subfield code="d">CNK</subfield><subfield code="d">OCLCO</subfield><subfield code="d">OCLCQ</subfield><subfield code="d">OCLCF</subfield></datafield><datafield ind1="1" ind2=" " tag="029"><subfield code="a">AU@</subfield><subfield code="b">000012845116</subfield></datafield><datafield ind1=" " ind2=" " tag="042"><subfield code="a">pcc</subfield></datafield><datafield ind1=" " ind2=" " tag="043"><subfield code="a">n-us-ca</subfield></datafield><datafield ind1="0" ind2=" " tag="130"><subfield code="a">Ukiah times (Ukiah, Calif. : 1913)</subfield></datafield><datafield ind1="1" ind2="4" tag="245"><subfield code="a">The Ukiah times.</subfield></datafield><datafield ind1="1" ind2="3" tag="246"><subfield code="a">Ukiah times of Mendocino County</subfield></datafield><datafield ind1=" " ind2=" " tag="260"><subfield code="a">Ukiah, Calif. :</subfield><subfield code="b">Potter-Adams Co.</subfield></datafield><datafield ind1=" " ind2=" " tag="300"><subfield code="a">v.</subfield></datafield><datafield ind1=" " ind2=" " tag="310"><subfield code="a">Weekly</subfield></datafield><datafield ind1="1" ind2=" " tag="362"><subfield code="a">Began in Feb. 1913.</subfield></datafield><datafield ind1=" " ind2=" " tag="500"><subfield code="a">Below title: Formerly weekly edition of Mendocino Daily Times formerly the Ukiah Times.</subfield></datafield><datafield ind1=" " ind2=" " tag="530"><subfield code="a">Master negatives are available for duplication from:</subfield><subfield code="b">California Newspaper Microfilm Archive;</subfield><subfield code="c">for further information consult the CNMA at:</subfield><subfield code="u">http://cbsr.ucr.edu</subfield></datafield><datafield ind1=" " ind2=" " tag="588"><subfield code="a">Description based on: Vol. 15, no. 27 (Feb. 18, 1913).</subfield></datafield><datafield ind1=" " ind2="0" tag="651"><subfield code="a">Mendocino County (Calif.)</subfield><subfield code="v">Newspapers.</subfield></datafield><datafield ind1=" " ind2="7" tag="655"><subfield code="a">Newspapers.</subfield><subfield code="2">fast</subfield><subfield code="0">(OCoLC)fst01423814</subfield></datafield><datafield ind1=" " ind2="7" tag="651"><subfield code="a">California</subfield><subfield code="z">Mendocino County.</subfield><subfield code="2">fast</subfield><subfield code="0">(OCoLC)fst01215516</subfield></datafield><datafield ind1=" " ind2=" " tag="752"><subfield code="a">United States</subfield><subfield code="b">California</subfield><subfield code="c">Mendocino</subfield><subfield code="d">Ukiah.</subfield></datafield><datafield ind1="0" ind2="0" tag="780"><subfield code="t">Mendocino daily times</subfield><subfield code="w">(DLC)sn 96061889</subfield></datafield></record>